1669 2714
771 306 828 344 43

226 425 353 468 Quem
371 423 496 472 patriae
514 424 652 473 gremio
671 423 789 465 avelli,
816 428 854 459 et
871 421 1038 472 praedura
1055 422 1173 458 subire
1330 427 1370 459 15

231 512 388 560 Imperia
406 511 641 560 indignasque
658 516 808 547 externo
826 510 863 547 in
880 511 983 548 litore
1001 510 1139 560 poenas!

229 598 400 635 Navibus
417 603 455 634 at
471 598 587 634 moesti
614 597 814 645 (infandum
825 599 852 645 l)
879 598 1097 635 clauduntur
1112 598 1150 634 in
1167 597 1287 639 arctis,

232 688 337 724 A'e'ris
360 669 727 736 eizpertes'lucisque:
754 687 838 723 inde
855 687 1000 724 horrida
1017 687 1131 729 tabes,

235 776 444 822 pestesque,
471 773 674 822 febresque,
700 780 737 810 et
754 774 907 823 plurima
924 772 1046 810 mortis
1062 775 1194 824 imago.

232 863 343 898 Multi
360 863 468 912 igitur
486 862 658 911 lentoque
676 862 770 899 fame
788 869 825 899 et
849 862 1012 911 squalore
1029 868 1196 912 gravatas
1333 868 1381 899 20

233 952 332 987 Ante
352 951 446 986 diem
467 963 619 999 posuere
636 952 786 993 animas,
814 951 880 988 sub
896 964 1041 988 carcere
1057 950 1152 988 foedo

236 1040 386 1076 Pallenti
406 1040 521 1076 macie
538 1045 575 1076 et
593 1040 703 1076 tacito
725 1052 877 1077 moerore
895 1040 1013 1077 soluti.

233 1130 285 1164 At
302 1128 441 1164 miseri!
471 1128 534 1176 qui
550 1127 659 1177 longa
676 1128 768 1163 ultra
784 1129 941 1164 confinia
960 1129 1062 1177 ponti

236 1222 403 1261 Evasere‚
433 1219 498 1255 sub
515 1219 699 1256 arbitrium
716 1218 864 1256 crudele
881 1219 1036 1270 flagelli;

239 1309 372 1347 Durior
383 1305 442 1344 'est
459 1308 537 1344 ollis
556 1321 642 1351 sorS,
669 1314 780 1357 atque
798 1309 938 1358 ingrata
956 1308 1078 1345 salutis
1341 1315 1389 1347 25

240 1398 417 1436 Munera!
460 1399 547 1434 Non
565 1398 692 1434 iterum
711 1397 871 1447 excipiet
889 1397 954 1434 sub
972 1411 1124 1447 vespere
1142 1400 1277 1447 conjux

239 1486 350 1528 Cara,
377 1497 496 1534 neque
512 1484 700 1533 amplexus
720 1497 927 1533 puerorum,
945 1490 1008 1521 aut
1024 1485 1131 1522 balba
1149 1486 1291 1535 loquela

241 1574 399 1611 Mollibit
417 1575 628 1610 miserorum
645 1574 802 1616 animas3
831 1573 894 1610 sed
912 1574 1021 1623 longa
1038 1574 1200 1611 laborum

239 1664 384 1706 Taedia,
411 1670 447 1700 et
464 1668 608 1699 exustas
630 1662 810 1712 urgebunt
828 1663 972 1699 vincula
989 1663 1141 1712 plantas.

241 1754 319 1790 Sint
335 1753 454 1794 liceat,
480 1751 610 1800 quibus
628 1750 778 1799 imperio
795 1755 1022 1787 mansuescat
1038 1751 1156 1788 amico
1347 1759 1394 1791 30

245 1841 435 1877 Servitium
453 1854 464 1882 ;
489 1838 552 1874 sed
569 1838 686 1874 adhuc
705 1837 868 1887 permolli
886 1838 1026 1887 percita
1043 1851 1149 1875 sensu

244 1928 367 1965 Corda
385 1927 515 1976 premit
535 1925 764 1968 desiderium,
792 1925 992 1975 patriaeque
1009 1926 1123 1962 fidelis

247 2014 380 2051 Haurit
398 2026 518 2049 amor:
546 2025 664 2060 neque
680 2012 788 2054 enirn,
808 2018 847 2048 ut
864 2012 1067 2061 perhibent,
1085 2013 1208 2063 ignara
1222 2014 1395 2051 malorum

232 2086 399 2138 Pectora
422 2099 555 2135 hebent
573 2097 682 2140 Afris,
712 2098 826 2134 brutae
846 2098 906 2134 vix
924 2099 1070 2135 conscia
1086 2099 1195 2143 vitae;
