1669 2714
804 338 860 378 37

259 454 435 496 Libertas,
464 467 723 504 nemorumque
739 456 820 491 rudi
837 455 1023 504 purissima
1033 455 1158 492 Virtus
1358 459 1404 491 75

258 542 440 590 Hospitio,
467 547 504 578 et
520 542 668 593 longum
687 543 762 579 Pax
780 543 986 592 incorrupta
1003 556 1068 592 per
1087 555 1218 579 aevum.

256 630 346 666 Non
365 629 413 665 ibi
431 629 628 680 degeneres
645 631 766 673 animi,
794 636 904 679 atque
922 631 1068 667 enervia
1083 632 1256 680 languent

257 717 443 765 Corpora:
471 718 532 754 sed
552 719 678 766 patriae
700 718 836 767 ingenti
854 718 1037 767 perculsus
1054 731 1188 760 amore,

255 805 353 841 Dum
364 806 455 854 juga
472 806 619 841 miratur
635 819 822 842 nemorosa
835 806 1023 854 Alpesque
1040 806 1176 842 nivales

253 892 391 934 Incola,
418 899 455 928 et
474 892 684 929 umbriferos
701 894 747 929 ad
762 894 922 930 A'cronia
938 894 1041 931 litora
1058 894 1178 936 saltus,
1357 899 1404 929 80

255 981 354 1017 Hinc
374 981 479 1017 discit
497 981 615 1016 natale
633 982 759 1023 solum,
788 982 1023 1030 Geniumque
1040 982 1213 1024 locorum,

250 1071 456 1118 Liberaque
473 1071 602 1110 audaci
621 1070 818 1107 defendere
837 1072 960 1108 limina
976 1073 1124 1114 dextrssu

253 1161 478 1206 AEternoque
497 1158 598 1194 fovet
614 1160 824 1194 constrictos
842 1158 973 1207 frigore
991 1166 1143 1202 montes,

250 1245 542 1294 Indigenamque
560 1245 728 1286 hiemem,
757 1251 794 1280 et
810 1245 902 1281 notis
921 1259 1006 1282 saxa
1023 1247 1165 1282 horrida
1182 1247 1324 1283 nimbis.

299 1337 324 1352 “
353 1331 457 1374 Quin
475 1343 534 1365 me
551 1329 624 1365 fata
638 1336 783 1372 vocant,
811 1332 1019 1380 Div6mque
1041 1345 1171 1368 arcana
1185 1333 1350 1370 voluntas

247 1419 309 1457 Ad
328 1419 429 1456 sortis
446 1420 582 1467 majora
598 1419 691 1454 ciet!
722 1420 874 1468 Jamque
893 1421 1025 1471 inclyta
1042 1422 1162 1457 martis

250 1508 366 1557 Orgia
383 1507 585 1555 tranquillae
605 1520 734 1556 rupere
763 1509 903 1544 silentia
921 1511 1031 1558 pacis.

248 1601 440 1648 Apparent
457 1597 567 1633 facies
585 1598 746 1639 heroum,
773 1605 810 1634 et
828 1599 967 1634 lucidus
985 1599 1073 1635 ordo
1146 1649 1163 1666 ·

248 1687 436 1722 Exoritur!
467 1686 606 1722 Videor
621 1692 782 1721 venturae
800 1686 988 1734 splendida
1006 1687 1110 1724 famae

246 1776 375 1812 Secula
392 1775 615 1823 conspicere,
641 1780 751 1822 atque
770 1775 839 1812 aevi
856 1775 986 1812 decora
1001 1776 1073 1814 alta
1090 1775 1198 1813 futuri
1212 1778 1218 1813 Ε
1349 1784 1397 1815 90

247 1865 403 1907 Salvete‚
430 1863 582 1899 illustres
599 1864 746 1899 animae!
777 1877 865 1912 quas
882 1866 1006 1901 martia
1023 1866 1146 1908 virtus,

245 1955 349 1998 Quas
367 1953 480 1989 laudis
498 1952 661 1988 suadebit
679 1966 778 1989 amor
791 1954 998 1991 victricibus
1014 1956 1118 1992 armis

246 2043 396 2092 Oppida
414 2055 598 2091 proruere,
624 2048 661 2078 et
678 2042 820 2078 domitis
838 2043 1001 2080 insistere
1018 2045 1135 2095 regnis
1150 2046 1156 2080 !

242 2132 317 2168 Vos
334 2131 431 2173 olim,
459 2137 494 2167 et
511 2137 644 2168 vestros
660 2131 795 2167 circum
810 2131 947 2169 visurus
963 2133 1116 2171 honores

807 2226 869 2257 1³3
