1669 2714
809 286 868 323 46

261 399 410 449 Tangit,
438 404 475 435 et
494 399 665 436 admissus
684 401 794 437 brutis
813 402 878 438 sub
895 403 1063 439 cordibus
1080 404 1216 439 haeret!
1358 408 1406 439 75

263 486 397 533 Aspice
410 486 446 530 ὕ,
472 490 544 534 qua
562 492 704 523 teneros
723 489 835 537 ruptis
853 502 934 526 ursa
950 490 1092 526 horrida
1109 491 1144 526 in
1161 490 1270 526 antris

265 573 342 607 Stat
359 573 496 608 catulos
514 587 619 622 super
638 575 838 624 invigilanS‚
865 582 904 612 et
919 575 1061 613 frendet
1077 590 1198 613 amore

263 661 480 709 Saevitieque
497 662 612 704 simul,
639 663 723 698 dum
741 676 852 700 cornu
868 670 996 713 arguta
1013 666 1187 702 resultant

262 749 357 784 Avia
376 749 616 798 silvarumque
634 750 771 787 aditus:
800 750 899 788 furor
916 752 1079 801 improba
1097 754 1223 790 suadet

260 839 418 887 Agmina
435 852 605 887 proruere
620 854 631 883 3
655 845 692 876 at
710 841 824 889 pietas
841 847 1002 878 materna
1021 842 1181 885 reducit3
1360 849 1407 880 50

262 925 360 960 Dum
378 925 471 973 rapit
488 925 523 960 in
543 925 692 961 dubium
710 927 884 970 anxietas,
912 929 1047 976 iraeque
1065 930 1213 978 cupido.
1296 911 1301 914 ³

310 1012 345 1046 O
364 1010 478 1048 ferus!
508 1016 530 1048 ὀ
548 1012 645 1048 silice
660 1013 820 1063 ingenita
839 1016 1039 1063 praecordia
1055 1017 1217 1053 vinctus!

263 1100 461 1134 Moerentes
480 1100 614 1135 animas
632 1099 746 1147 patria
765 1101 826 1149 qui
844 1102 977 1149 primus
995 1103 1041 1139 ab
1059 1103 1121 1139 ora

257 1188 418 1236 Eripere,
446 1193 482 1222 et
501 1187 614 1223 socias
632 1188 780 1236 potuisti
799 1201 965 1237 spernere
987 1189 1105 1238 leges!

260 1276 319 1311 Ah
336 1275 343 1311 !
373 1276 509 1311 utinam
527 1281 615 1311 tutae
632 1275 807 1311 ambierat
822 1278 1039 1313 commercia
1053 1279 1171 1326 gentis
1358 1286 1402 1316 85

263 1364 358 1399 Haec
376 1365 521 1412 Europa
538 1363 679 1399 colens!
709 1375 827 1410 neque
844 1363 940 1399 enim
959 1369 994 1399 te
1013 1364 1117 1400 ditior
1133 1366 1303 1408 Hermus,

259 1454 397 1502 Magne
416 1453 556 1501 Niger3
585 1464 703 1500 neque
720 1451 924 1487 Gambiaca
942 1453 1107 1489 Pactolus
1124 1455 1254 1491 arena:

259 1542 383 1588 Atque
400 1540 449 1575 ibi
468 1538 675 1588 simplicitas
693 1539 790 1575 molli
809 1540 1005 1576 castissima
1021 1540 1133 1576 forma

259 1629 440 1671 Lascivit3
468 1626 633 1663 redolent
653 1627 765 1669 silvae,
793 1633 830 1662 et
846 1627 1010 1676 perlucet
1027 1642 1206 1666 amoenum

259 1720 439 1769 Elysium3
467 1724 602 1754 auratae
620 1717 782 1753 volucres
800 1718 865 1753 sub
883 1719 956 1754 sole
973 1720 1138 1756 renident
1355 1729 1404 1759 90

259 1809 456 1857 Purpureo,
484 1805 757 1856 ingenitumque
774 1805 847 1841 ciet
863 1819 935 1842 vox
954 1808 1068 1843 omnis
1087 1821 1260 1846 amorem.

260 1895 369 1931 Sedes
386 1892 517 1929 blanda
533 1892 631 1934 olim,
659 1898 695 1927 et
713 1890 798 1927 felix
825 1892 926 1939 (dum
943 1892 1016 1929 fata
1035 1894 1212 1942 sinebant)

260 1980 467 2029 Hospitium
484 1979 491 2013 ἓ
522 1984 559 2014 at
576 1979 710 2014 miseris
728 1979 922 2016 etiamnum
940 1980 976 2016 in
994 1981 1143 2017 vallibus
1162 1983 1264 2019 ardet

259 2069 374 2106 Vivus
390 2080 501 2108 amor,
528 2065 724 2113 moestaque
744 2067 860 2114 pudor
877 2067 1029 2116 suspirat
1045 2069 1081 2104 in
1099 2068 1185 2105 aura
1201 2070 1208 2104 !

559 2187 579 2208 'l‘
601 2186 680 2214 vide
696 2187 884 2221 “Ariosto,”
908 2192 996 2214 canto
1016 2187 1059 2215 19.
