1669 2714
800 326 858 366 39

248 444 433 482 Doctrinae
458 446 665 496 hospitium,
691 451 729 483 et
745 447 867 496 patriis
884 446 1082 497 gratissima
1098 444 1233 482 Musis!
1325 450 1391 482 115

247 533 345 569 Tum
361 532 446 568 mihi
463 532 588 570 limosa
608 534 760 584 pingues
777 534 913 584 uligine
926 534 1048 584 campi

246 619 274 654 F
275 618 459 656 lavescent
474 618 596 657 cerere
613 622 759 671 optatam
787 622 962 671 cultuque
979 621 1120 658 subacti

245 708 436 756 Purpureis
453 709 589 747 circum
607 711 813 760 nigrescent
825 711 958 747 vitibus
974 710 1064 760 agri,

244 795 354 831 Unde
371 796 497 846 ingens
515 797 649 833 cecidit
664 811 830 847 quercus,
849 799 1028 848 pinusque
1049 801 1229 834 tumentes

243 883 435 920 Undarum
451 890 599 933 ruptura
615 886 901 931 minas.—Quin
918 886 1029 922 tutius
1046 898 1172 934 aequor
1326 889 1396 922 120

246 972 428 1015 Navibus,
455 978 688 1021 errantesque
705 979 808 1023 reget
825 974 1002 1024 magnetis
1020 974 1055 1010 in
1073 973 1146 1009 alto

246 1060 383 1097 Subtile
399 1060 586 1104 indicium,
613 1069 722 1111 atque
738 1063 798 1099 axi
815 1068 971 1113 cognata
987 1068 1159 1113 potestas,

290 1155 317 1170 “
342 1147 509 1197 Amplior
525 1149 608 1185 hinc
624 1162 743 1186 rerum
761 1149 883 1193 facies,
911 1152 1097 1200 majorque
1115 1150 1256 1200 patebit

244 1236 483 1273 Area.—Ubi
501 1235 651 1287 pelagus
667 1236 803 1274 cultae*
822 1237 1093 1286 superimminet
1110 1250 1197 1280 orae,

242 1322 521 1370 Abreptumque
538 1321 651 1360 solum
666 1327 704 1358 et
720 1322 902 1370 quondam
921 1335 984 1358 sua
996 1323 1158 1359 vindicat
1176 1337 1273 1367 arva,
1331 1329 1395 1361 125

243 1384 347 1445 Gens
365 1421 515 1457 operum
533 1409 672 1457 patiens
690 1408 871 1459 longoque
891 1415 1034 1445 assueta
1050 1410 1186 1458 periclo

246 1496 411 1532 Molibus
427 1508 605 1532 oceanum
624 1496 797 1545 reprimit,
824 1497 1000 1546 pontique
1015 1496 1200 1534 frementis

228 1585 405 1634 ⁸Subripit
423 1585 625 1635 imperium,
652 1591 689 1620 et
706 1585 845 1621 vinctas
863 1586 1067 1625 dominatur
1083 1587 1120 1622 in
1140 1586 1266 1623 undas.

251 1673 411 1709 Illustres
428 1673 568 1714 animae,
594 1672 840 1720 libertatisque
856 1685 1010 1721 capaces
1024 1674 1030 1708 !

249 1761 352 1805 Quas
370 1773 489 1808 neque
508 1773 624 1796 saevus
643 1759 726 1795 Iber
743 1761 894 1808 quatiet,
920 1773 1039 1809 neque
1057 1760 1236 1815 deprimet
1253 1763 1338 1800 olim

247 1851 305 1886 Ira
323 1848 424 1885 ferox
439 1848 559 1890 Alvae,
587 1854 650 1884 aut
666 1850 693 1884 F
695 1849 810 1884 arnesi
824 1849 945 1885 vivida
959 1850 1092 1887 virtus!

249 1936 323 1973 Illis
342 1936 443 1972 firma
462 1935 562 1978 fides,
589 1935 742 1984 durique
760 1937 900 1972 tenacia
917 1938 1028 1986 coepti

249 2025 414 2066 Pectora,
442 2030 480 2060 et
497 2023 657 2060 occultas
676 2029 818 2072 promet
834 2024 934 2061 labor
951 2025 1136 2075 improbus
1152 2028 1266 2064 artes!

300 2119 327 2134 “
355 2112 424 2148 His
440 2111 532 2148 freta
551 2111 719 2160 auspiciis
735 2112 841 2148 video
859 2113 1075 2149 commercia
1092 2114 1165 2151 late

486 2236 502 2252 ⁸*
522 2235 603 2264 Vide
619 2237 639 2254 “
657 2235 937 2264 Goldsmith—The
951 2234 1144 2265 Traveller.’'
