1669 2714
774 293 829 331 45

236 408 344 451 Otia;
373 413 410 444 et
427 409 569 445 incultis
586 408 757 459 falluntur
773 409 906 446 lusibus
923 410 1032 445 horae.
1334 410 1379 442 55

235 497 342 545 Saepe
360 510 450 546 puer
466 497 547 534 fidae
565 497 685 547 gelida
702 498 767 534 sub
785 504 892 534 nocte
909 497 1041 546 puellae

233 586 332 621 Toto
351 586 486 622 inhians
503 586 619 629 vultu,
647 585 813 635 foliisque
830 593 867 623 et
882 587 976 635 pelle
995 585 1109 622 ferina

234 674 366 710 Stravit
381 675 480 710 humi
498 675 704 717 thalamum,
732 682 769 711 et
787 677 870 711 cara
888 675 923 710 in
940 675 1083 710 cervice
1102 677 1265 723 repdstus

236 763 411 800 Defendit
432 764 560 800 crudos
578 764 622 800 ab
640 770 760 801 amato
779 770 925 813 pectore
949 776 1056 799 rores.

233 857 330 900 Quae
349 869 444 892 nunc
463 855 612 892 desertis
630 856 757 892 frustra
773 857 810 892 in
826 855 1048 892 convallibus
1065 861 1159 891 errat
1333 859 1381 890 60

233 945 390 994 Abrepti
408 946 586 982 desiderio
604 948 756 995 perfixa,
786 953 976 995 torumque

235 1035 341 1083 Saepe
359 1040 487 1082 petens
506 1035 653 1070 memori
671 1034 843 1083 paulatim
861 1035 1020 1083 carpitur
1038 1034 1132 1083 igne.

283 1119 318 1156 O
339 1133 451 1156 saevas
470 1121 655 1156 hominum
672 1126 822 1162 mentes,
849 1120 1050 1168 obtusaque
1068 1121 1168 1156 lucro

233 1209 383 1244 Pectora
398 1206 404 1241 !
437 1206 575 1243 Nonne
594 1206 689 1242 idem
706 1207 759 1242 his
778 1206 960 1242 stimulant
977 1207 1177 1255 praecordia
1195 1216 1328 1249 sensua,

233 1299 322 1335 Non
340 1297 470 1339 luctus,
499 1311 570 1333 non
587 1297 725 1333 laetitiae
745 1298 884 1334 socialis
903 1311 1056 1335 acumen
1336 1303 1381 1335 65

236 1388 384 1424 Affectu
401 1387 505 1435 parili
524 1386 683 1436 instigat,
706 1400 777 1435 quo
794 1387 903 1423 corda
920 1393 1086 1423 moveret

238 1476 332 1512 Ditis
350 1475 437 1517 heri,
465 1474 527 1523 qui
543 1474 636 1511 forte
653 1480 749 1511 ostro
766 1475 904 1511 velatus
920 1481 957 1511 et
974 1488 1060 1511 auro

234 1564 377 1611 Torpet
395 1575 483 1611 opes
497 1563 590 1598 inter
606 1562 766 1610 cultique
783 1562 916 1598 cubilia
934 1562 1058 1598 luxfis?

238 1651 342 1696 Quid
358 1650 435 1692 tibi,
464 1651 491 1686 si
510 1650 620 1698 passis
641 1650 839 1686 traheretur
857 1655 980 1685 moesta
998 1650 1134 1698 capillis

229 1738 331 1780 Filia,
360 1737 544 1773 servitium
561 1737 703 1773 externi
721 1749 867 1785 passura
886 1737 1023 1786 tyranni
1041 1751 1051 1779 3
1336 1744 1384 1774 70

234 1828 312 1863 Aut
330 1838 420 1862 uxor
437 1824 643 1874 praedulcis,
671 1829 708 1859 et
730 1824 954 1873 indignantia
972 1823 1100 1859 frustra

234 1917 312 1953 Ora
332 1929 428 1952 soror
444 1916 609 1966 lacrymis
625 1914 833 1963 nudataque
851 1919 999 1963 pectora
1017 1913 1153 1950 foedans
1170 1916 1181 1950 ?

234 2005 372 2041 Nonne
391 2010 469 2041 tuas
487 2017 600 2054 angor
618 2003 776 2039 vibraret
792 2002 955 2050 adusque
972 2002 1158 2045 medullae,

234 2090 453 2139 Subtilisque
470 2091 595 2127 dolor?
623 2090 685 2138 qui
703 2089 761 2125 vel
779 2088 873 2125 secla
889 2088 992 2138 aspra
1008 2088 1159 2126 ferarum
