1669 2714
873 303 900 341 4

311 420 408 460 odiis
437 419 619 460 acerrime
651 420 813 459 insecuti
844 429 946 467 sunt,
977 418 1135 458 minime
1163 417 1302 457 morari
1333 431 1460 469 repre-

309 513 555 562 hensionem3
582 514 804 553 illiberalem
820 515 978 562 scilicet,
1000 529 1125 566 neque
1141 514 1222 552 viro
1243 515 1372 561 docto,
1392 524 1457 553 aut

307 610 600 650 humanioribus
631 611 749 649 literis
781 610 944 657 imbuto,
976 611 1133 663 dignam
1159 609 1270 661 plane
1304 619 1456 648 senten-

307 705 424 745 tiam!
482 707 537 744 Ea
563 705 652 745 sane
684 707 723 744 in
749 706 869 745 musis
895 707 1064 746 colendis
1091 707 1329 758 respicienda
1350 716 1453 753 sunt,

306 816 393 854 quae
414 803 462 840 ad
481 802 775 840 delectationem
791 801 909 839 animi
931 812 1044 853 atque
1066 801 1244 840 subtilem
1261 803 1454 854 pertinent

303 897 553 948 voluptatem.
611 897 751 949 Neque
773 897 908 935 ultima
933 897 1092 936 nostrati
1112 897 1253 949 linguae
1275 898 1374 936 inter
1393 912 1452 936 re-

302 993 490 1032 centiores
514 994 597 1031 laus
622 992 867 1041 adhibeatur3
898 995 963 1032 sed
994 994 1034 1032 in
1056 992 1176 1032 Graia
1196 994 1302 1046 poe'si
1330 995 1452 1046 major

300 1098 358 1127 est
388 1098 427 1126 et
457 1089 653 1128 sonantior
672 1104 852 1128 versuum
879 1090 1063 1136 incessus,
1091 1090 1234 1141 pedum
1259 1089 1448 1141 exquisita

299 1185 474 1233 varietas,
489 1193 527 1223 et
547 1198 637 1223 cum
653 1183 835 1223 facilitate
855 1197 1107 1222 numerorum
1124 1185 1340 1222 consociata
1361 1198 1447 1222 sua-

299 1282 407 1321 vitas.
465 1279 588 1337 Qod
620 1282 649 1319 si
677 1283 832 1333 poetam
863 1281 1065 1328 eximium,
1097 1282 1306 1321 Britanniae
1337 1282 1443 1320 inco-

299 1380 390 1427 lam,
412 1388 450 1418 et
470 1377 551 1418 fere
572 1378 825 1432 aboriginem,
849 1378 1092 1430 simplicitate
1114 1378 1246 1426 animi,
1267 1379 1445 1418 dictionis

298 1474 469 1514 ubertate
500 1475 714 1528 egregium,
744 1483 858 1526 atque
893 1475 933 1512 in
963 1474 1061 1512 veris
1091 1474 1273 1514 humanae
1304 1476 1444 1514 mentis

296 1570 496 1609 affectibus
531 1569 698 1608 carmine
734 1569 986 1622 depingendis
1019 1568 1257 1621 Shacspearo
1291 1568 1443 1609 tantum

294 1673 360 1703 aut
374 1664 551 1703 Homero
571 1664 800 1711 secundum,
821 1678 842 1701 a
856 1662 1144 1716 Macphersono
1164 1664 1330 1715 pedestri
1351 1663 1445 1715 qu&-

294 1761 382 1798 dam
403 1761 563 1811 poe'seos
585 1761 710 1812 specie
731 1759 959 1798 obvolutum
979 1760 1273 1807 illustraverim3
1304 1761 1334 1799 si
1355 1762 1441 1812 pul-

295 1854 503 1894 cherrimas
518 1854 722 1894 Darthulae
743 1869 900 1894 veneres
921 1869 1011 1894 cum
1026 1855 1190 1893 Homeri
1212 1855 1330 1906 ipsius
1347 1856 1440 1907 po'el-

295 1950 462 1991 matibus
497 1951 721 1990 conferendi
748 1951 967 2003 propiorem
999 1950 1170 1989 dederim
1190 1949 1435 1998 facultatem3

293 2061 372 2086 non
398 2061 459 2086 me
485 2048 660 2086 inutilem
682 2046 771 2087 sane
797 2048 1030 2100 impendisse
1056 2046 1224 2085 laborem
1245 2046 1439 2084 existima-

293 2154 396 2180 vero.
440 2141 644 2181 Simillima
665 2138 762 2180 adeo
783 2141 823 2180 in
843 2140 998 2180 Ossiani
1020 2149 1133 2192 atque
1155 2139 1319 2179 Homeri
1340 2148 1438 2177 tem-
