1669 2714
836 314 895 350 44

301 429 351 464 At
366 428 545 477 placidum
560 429 659 479 viget
676 429 873 479 ingenium,
901 429 1069 465 fidissima
1086 429 1214 464 mentIS
1392 432 1435 464 35

296 516 522 565 Temperies,
550 517 735 564 tenerique
753 516 891 552 inculto
908 522 1056 564 pectore
1075 528 1208 552 sensus.

299 604 443 639 Scilicet
459 604 511 639 his
525 604 627 639 ardet
643 615 869 639 numerorum
887 605 1001 639 aurita
1017 604 1140 645 libido,

295 690 563 737 Moeroremque
580 690 659 725 rudi
676 689 850 738 spirantes
867 690 1023 725 carmine
1041 689 1220 739 quondam

291 778 410 814 Dulce
428 784 600 827 gemunt3
629 777 677 813 ita
696 776 894 825 suaviloqui
910 778 962 812 vis
981 777 1116 812 musica
1131 776 1247 812 luctus

289 867 460 903 Inseritur
477 866 587 901 menti
606 865 742 901 subtili:
771 878 813 900 ea
831 866 904 901 sola
922 865 1086 913 voluptas
1387 869 1435 900 40

288 954 469 990 Labentes
489 953 579 1001 regit
596 965 727 988 arcano
745 952 916 988 solamine
933 964 1073 988 nervos.

289 1041 375 1077 Nec
397 1040 521 1089 patriae
541 1040 667 1081 minim,
694 1045 732 1075 et
749 1040 920 1075 comitum
941 1039 1130 1087 praedulcis
1147 1039 1264 1088 imago

286 1126 423 1162 Pellicit
444 1139 573 1175 aegram
593 1127 768 1164 animam:
797 1127 878 1162 hinc
897 1126 981 1162 olim
1000 1139 1036 1162 se
1055 1126 1168 1161 visere
1186 1126 1339 1162 credunt

284 1213 439 1249 Natales
457 1213 554 1248 lucos
572 1218 653 1260 post
670 1218 832 1254 mortem,
861 1213 1062 1260 iterumque
1080 1213 1196 1248 redire

285 1303 468 1338 Calbarim
487 1303 531 1338 ad
551 1302 749 1343 herbosam,
771 1301 829 1336 vel
846 1303 917 1349 qua
935 1314 1025 1336 cava
1040 1301 1143 1337 litora
1159 1301 1324 1337 mordens
1379 1307 1422 1338 45

283 1390 453 1425 Gambiae
471 1402 563 1437 aqua
579 1388 732 1437 ingentis
751 1393 864 1435 patet,
892 1394 1001 1435 atque
1018 1388 1162 1423 excelsa
1179 1390 1315 1431 Leone,

281 1478 528 1525 Silvarumque
547 1477 666 1525 Niger
685 1475 802 1511 ridens
819 1474 1054 1511 viridantibus
1072 1476 1216 1513 umbris.

279 1568 378 1602 Nam
397 1566 495 1607 licet,
522 1571 560 1601 ut
578 1565 779 1613 perhibent,
807 1569 909 1600 notos
925 1564 1049 1600 audire
1066 1578 1223 1602 susurros

278 1655 334 1690 Sic
354 1654 475 1690 reduci
494 1652 619 1700 patriae
639 1651 683 1686 ad
701 1651 821 1693 saltus,
849 1657 886 1686 et
901 1664 1022 1687 amore
1040 1658 1174 1688 novato

276 1746 317 1780 In
338 1744 456 1779 solitos
475 1741 557 1778 ferri
575 1742 782 1790 amplexus;
810 1742 871 1777 ubi
888 1742 985 1777 nulla
1002 1742 1163 1778 laborum
1372 1750 1420 1782 50

274 1832 407 1868 Taedia
425 1831 669 1879 languentem,
700 1828 954 1877 nequesfervor
971 1830 1052 1866 solis
1071 1831 1210 1868 aduret.

324 1918 469 1954 Scilicet
493 1916 586 1952 haud
606 1916 672 1952 illis
690 1929 918 1964 quaecunque
936 1917 1110 1953 industria
1127 1919 1241 1960 finxit,

274 2005 472 2046 Illecebrae,
500 2004 688 2051 luxusque,
717 2003 838 2051 politae
856 2003 988 2052 gaudia
1005 2004 1143 2053 gentis;

273 2098 324 2132 At
343 2095 463 2131 saltem
480 2093 646 2141 alloquia,
674 2098 710 2128 at
728 2092 852 2128 saltem
870 2092 1000 2129 dilecta
1017 2093 1081 2129 sub
1101 2094 1226 2138 umbra¹
