1669 2714
365 640 613 692 Δακρυόεσσαν
632 639 780 690 ἄγηται,
798 639 979 691 ἐλεύθερον
995 638 1090 691 ἦμαρ
1108 638 1256 691 οἷπέρας.

1159 716 1253 745 ΗοΜ.
1270 714 1320 743 11..
1335 714 1382 744 Z'.

265 929 388 987 DIA
416 951 558 993 Parens,
582 963 811 999 quaecunque
828 950 922 1000 regis
937 948 1153 986 commercia
1168 946 1304 989 mundi,

264 1039 336 1075 Cui
353 1039 452 1075 venti
470 1044 610 1087 parent,
638 1044 675 1074 et
693 1044 802 1075 strato
818 1050 993 1074 marmore
1007 1037 1081 1073 late

265 1126 417 1163 Daedala
435 1126 583 1162 diversis
601 1126 785 1162 subrident
802 1126 905 1161 litora
918 1124 1033 1174 gazis!

261 1214 333 1250 Dia
350 1215 479 1249 Parens
497 1212 637 1262 pelagi!
668 1215 774 1260 quam
792 1211 923 1247 vellem
939 1210 1096 1247 carmine
1112 1211 1222 1261 digno

262 1301 488 1352 Ingemuisse
503 1300 556 1335 tui
570 1299 769 1335 miseranda
785 1298 980 1346 opprobria
994 1298 1132 1334 cultfis!

263 1390 318 1425 Ex
336 1401 407 1436 quo
425 1394 531 1424 vecta
548 1398 654 1434 super
671 1385 797 1434 longos
814 1385 897 1420 ratis
912 1390 1038 1420 extera
1054 1385 1185 1420 fluctus

267 1478 377 1518 Olim,
395 1476 495 1518 Afer,
510 1474 575 1511 tibi
593 1474 670 1509 dira
686 1473 767 1510 tulit
778 1473 857 1516 ;tibi
876 1473 964 1509 dura
981 1473 1121 1522 paravit

265 1565 427 1606 Servitia,
445 1569 483 1599 et
502 1563 616 1598 tristes
633 1560 771 1597 crudeli
788 1559 912 1596 fraude
928 1566 1085 1596 catenas.

311 1651 455 1686 Scilicet
472 1650 554 1685 hinc
573 1648 733 1697 disrupta
751 1648 851 1689 fides,
878 1660 921 1683 ac
935 1647 1055 1684 dulcia
1070 1647 1156 1684 vitae

262 1739 411 1776 Foedera
429 1753 439 1781 3
464 1743 501 1773 et
517 1736 655 1772 insidia:
675 1742 796 1784 turpes
813 1735 932 1771 civilia
947 1735 1043 1771 bella

263 1826 509 1868 Extimulant;
538 1838 652 1861 saevus
670 1824 815 1873 captiva
832 1829 872 1860 ut
888 1824 934 1859 ab
951 1823 1094 1873 agmine
1112 1823 1228 1861 victor

263 1915 434 1952 Membra
451 1914 580 1954 trahat,
607 1912 695 1948 lucri
710 1924 842 1961 magno
860 1911 1044 1960 perculsus
1062 1924 1195 1948 amore.

260 2003 385 2042 Eheu!
415 2004 522 2050 quam
540 2001 658 2048 potius
676 2000 834 2048 periisse,
862 1999 1025 2046 interque
1044 1999 1184 2035 sodales

264 2090 456 2129 Exhalasse
483 2087 556 2124 acri
574 2086 700 2123 fortem
719 2087 753 2122 in
771 2086 966 2125 certamine
984 2086 1108 2129 vitam,

1361 1741 1404 1773 10
