1669 2714
784 337 840 378 35

230 453 468 503 Turbineque
484 455 662 492 armisono
677 455 841 505 graditur
857 453 1052 491 mavortius
1071 453 1205 496 Hesus,
1333 458 1376 490 :35

229 541 486 590 Lucorumque
504 543 610 579 Pater
626 542 914 580 Taranis.-Ne
938 548 978 579 tu
995 543 1092 578 irrita
1106 543 1232 577 contra

229 629 365 677 Impius
383 642 480 666 arma
497 629 606 667 feras!
637 644 757 680 neque
773 632 870 668 enim
888 632 954 668 tibi
971 631 1065 668 lecta
1081 630 1256 667 valebunt

230 717 398 766 Agmina.
452 719 591 755 Nonne
607 718 720 761 vides,
749 725 789 755 ut
806 719 913 755 sacris
929 719 1050 756 cincta
1064 718 1206 755 corollis

229 803 364 840 Votiva
380 807 537 855 erumpit
552 803 652 841 ferali
671 805 798 842 ardore
810 806 1005 854 juventus?

229 891 302 928 Illis
321 891 411 928 festa
428 892 522 937 dies;
549 894 598 928 ita
615 905 739 941 pronae
759 893 796 929 in
813 892 908 929 bella
924 893 1090 930 cohortes
1333 896 1380 928 40

232 979 426 1027 Subjecere
444 993 570 1016 necem
588 980 753 1028 pedibus,
781 980 868 1015 dum
885 979 991 1016 fortia
1007 980 1124 1016 munit

230 1067 381 1103 Sanetus
397 1071 506 1103 corda
522 1066 631 1109 furor,
659 1067 858 1116 patriaeque
875 1080 975 1103 amor
991 1068 1118 1104 anxius
1136 1072 1253 1117 urget.

232 1160 385 1208 Quippe
401 1173 469 1196 nec
488 1172 697 1208 oppressam
714 1160 861 1196 claudet
875 1173 969 1196 mors
984 1161 1120 1210 inclyta
1132 1160 1257 1202 vitam,

230 1249 271 1284 N
274 1261 316 1285 ec
332 1249 448 1284 moesti
466 1248 503 1284 in
523 1249 647 1299 Stygio
665 1249 854 1299 pallebunt
869 1248 973 1285 litore
990 1261 1132 1291 manes3

231 1340 301 1376 Sed
320 1340 508 1375 florentem
526 1341 655 1377 iterum
672 1341 841 1377 membris
858 1340 984 1377 induta
995 1342 1186 1389 juventam
1335 1345 1381 1377 45

230 1428 330 1464 Olim
348 1428 465 1464 anima
482 1427 528 1464 ad
546 1429 665 1464 solitas
683 1428 859 1465 remeabit
875 1428 1002 1465 martia
1019 1428 1136 1470 sedes,

230 1520 354 1567 Atque
371 1519 502 1555 iterum
519 1520 616 1556 dulci
635 1533 700 1570 pro
719 1520 887 1557 libertate
904 1520 1095 1557 recumbet

229 1609 326 1644 Cara
343 1609 435 1644 inter
452 1621 598 1645 nemora
623 1615 661 1644 et
678 1609 784 1657 patrii
795 1610 888 1658 juga
904 1609 1049 1644 conscia
1067 1607 1198 1644 cultus.

279 1703 303 1718 “
333 1698 432 1741 Quo,
461 1695 606 1738 furiose,
633 1697 729 1732 ruis?
771 1696 858 1744 quid
876 1697 1006 1732 Romae
1024 1695 1176 1732 audacia
1193 1696 1346 1745 quaerit?

228 1786 376 1820 Arvane
393 1784 512 1820 cincta
527 1784 626 1834 gelu,
653 1790 690 1820 et
707 1797 891 1833 nunquam
906 1784 1053 1820 viduata
1070 1784 1206 1833 pruinis
1333 1789 1382 1824 50

229 1872 365 1914 Litora,
392 1878 429 1907 et
446 1872 630 1919 antiquam
648 1872 774 1920 populi
792 1872 936 1908 turbare
953 1872 1134 1920 quietem?

231 1959 322 1996 Siste
338 1958 487 2009 aquilas,
519 1960 662 1996 Caesar!
693 1972 812 2008 neque
830 1960 927 1996 enim
943 1972 1002 1995 me
1016 1960 1131 1996 victor
1147 1960 1280 1998 inultus

230 2048 415 2084 Pollueris.
470 2050 649 2098 Magnum
665 2048 839 2085 Ausoniae
857 2053 1062 2097 prosternet
1076 2049 1228 2086 honores

231 2135 405 2179 Exitium,
433 2149 602 2185 serosque
620 2141 742 2172 manet
754 2136 918 2173 vindicta
934 2142 1097 2185 nepotes.

770 2229 841 2260 1³2
