1669 2714
787 285 845 323 62

479 576 772 622 ASPASIAE
816 578 1076 627 LUCTUS
1091 582 1138 628 *.

608 722 960 759 -4—

232 842 332 900 UT
351 864 547 902 thalamum
567 868 723 917 Aspasia
740 869 922 911 Evzzdues,
941 874 1142 918 pactosque
1160 868 1379 919 hymenaeos,

277 955 334 996 Et,
364 955 429 991 sibi
448 970 530 1006 quae
550 958 691 996 fuerant
708 960 843 1003 debita,
871 960 963 998 festa
981 960 1094 1003 videt,

224 1043 351 1092 Spreta
372 1045 459 1081 fides
477 1048 597 1084 animo
615 1049 729 1092 sedet,
756 1056 794 1086 et
811 1050 975 1099 perjurus
991 1049 1172 1092 Amintor,

274 1133 371 1167 Dum
389 1140 492 1169 vetus
509 1134 542 1170 in
562 1135 647 1171 laeso
666 1142 815 1184 pectore
833 1143 962 1186 regnat
979 1149 1089 1172 amor.

227 1219 261 1255 It
279 1219 369 1255 tristi
387 1220 524 1256 interea
540 1221 683 1264 obtutu,
711 1223 941 1273 lacrymaque
959 1222 1077 1257 silenti
1357 1228 1378 1258 5

273 1314 474 1350 Humectat
493 1320 633 1350 teneros
651 1315 822 1365 languida
838 1316 997 1364 nympha
1016 1315 1123 1350 sinus.

219 1404 325 1440 Silvae
344 1405 405 1447 illi,
434 1405 594 1453 solaeque
612 1406 757 1454 placent
774 1406 811 1442 in
826 1405 978 1442 vallibus
998 1405 1149 1447 umbrae,

269 1496 442 1543 Quaeque
461 1496 526 1532 sub
544 1495 705 1532 obscuris
724 1496 854 1532 labitur
874 1496 969 1532 unda
983 1496 1095 1545 jugis,

215 1583 390 1631 Namque
407 1583 469 1625 ibi,
488 1583 641 1619 florifera
660 1585 835 1620 recubans
853 1585 1076 1621 moestissima
1092 1584 1180 1633 ripa,

264 1671 461 1708 Flumineae
480 1672 594 1708 salicis
611 1672 746 1721 pallida
763 1678 856 1709 serta
875 1673 985 1722 legit;
1328 1679 1372 1709 lO

215 1758 273 1800 Et,
291 1759 430 1807 gemitu
447 1758 584 1808 ingenti
600 1771 719 1794 cassos
737 1758 910 1794 meditata
927 1758 1081 1800 dolores,

264 1855 288 1869 “
305 1847 446 1890 Talis,’'
472 1848 536 1890 ait,
563 1854 587 1869 “
607 1847 745 1884 tumulo
762 1848 935 1884 convenit
951 1848 1079 1884 umbra
1097 1860 1179 1884 meo
1194 1848 1227 1882 !''

213 1937 372 1979 Scilicet,
391 1935 569 1984 aequalem
587 1942 730 1986 repetat
748 1937 775 1972 si
793 1935 886 1972 forte
903 1949 1085 1979 eoronam,

260 2031 397 2066 Lentus
417 2028 534 2064 adhuc
554 2028 660 2064 niveo
678 2028 789 2078 pallet
808 2028 843 2064 in
862 2041 924 2064 ore
943 2027 1065 2065 dolor:

298 2165 318 2187 *
330 2165 411 2193 Vide
426 2166 445 2182 “
458 2163 623 2192 Benumont
637 2165 695 2192 and
711 2163 957 2192 Fletcher—The
974 2163 1267 2202 Maid’sTragedy.’'
