1669 2714
770 300 826 340 58

221 414 337 463 Atqui
354 414 432 451 talis
451 429 541 460 eraS,
568 418 630 466 qui
648 419 691 466 (si
710 419 818 456 modo
835 420 909 457 vita
927 419 1066 468 fuisset)

270 503 459 540 Debueras
477 506 632 555 patriam
649 508 893 544 condecorare
912 508 1084 552 domum;

217 592 382 628 Arcanos
400 592 484 629 olim
504 593 566 642 qui
583 594 704 644 legum
721 595 890 632 evolvere
906 596 1033 643 nodos,
1331 601 1372 633 15

267 681 440 717 Difficiles
459 681 594 730 sophiae
613 683 673 719 vel
690 689 881 732 penetrare
899 683 994 720 vias!

216 770 330 818 Atqui
350 769 428 805 talis
446 783 537 810 eras,
565 783 674 819 quem
688 772 754 814 vis,
773 778 811 808 et
827 785 917 821 pura
935 777 1102 808 venustas

271 859 430 894 Primum
448 859 541 895 inter
560 859 672 895 socios
691 860 801 896 vellet
817 861 934 896 inesse
951 860 1098 897 choros!

218 948 272 983 Ut
289 948 447 990 memini,
477 948 623 996 quando
640 948 842 997 alloquerer
861 955 896 985 te
911 962 1004 985 voce
1023 950 1244 998 supremum,

266 1036 445 1073 Intumuit
464 1038 554 1073 tristi
570 1039 718 1087 praescia
735 1044 840 1088 gutta
856 1041 952 1088 gena
967 1053 976 1082 ;
1319 1044 1368 1075 20

215 1127 268 1161 At
283 1125 437 1161 reditum
456 1128 557 1161 certe
576 1127 796 1175 spondebas,
823 1139 906 1162 cara
923 1128 1113 1162 reflectens

264 1213 432 1254 Lumina,
460 1213 496 1248 in
514 1213 703 1261 amplexus
722 1226 793 1249 non
815 1213 972 1248 reditura
990 1226 1101 1249 meos.

216 1303 251 1338 O
271 1302 403 1337 dilecte
421 1314 555 1343 comes,
581 1314 765 1348 nunquam
785 1305 846 1336 tua
864 1301 999 1336 lumina
1015 1301 1166 1351 posthac

266 1390 470 1439 Aspiciam!
501 1389 581 1425 duri
598 1389 647 1424 sic
668 1388 813 1424 voluere
834 1389 916 1424 Dei.

219 1481 269 1515 At
288 1479 353 1514 sub
370 1478 481 1514 corde
500 1483 620 1513 tamen
639 1483 701 1513 tua
718 1489 802 1519 vox,
830 1482 891 1512 tua
909 1477 1023 1513 dulcis
1042 1477 1161 1529 imago
1316 1486 1362 1518 25

267 1570 404 1610 Haeret,
433 1580 513 1616 pars
531 1566 661 1602 animae
679 1567 793 1601 carior
812 1566 872 1601 illa
890 1579 995 1603 meae.

217 1659 271 1694 Ut
288 1657 424 1707 placuit
441 1655 624 1704 quondam
642 1654 758 1690 vacua
777 1666 996 1703 praesumere
1014 1661 1136 1692 mente

267 1749 435 1783 Fortunae
454 1744 594 1785 dubias,
613 1750 649 1778 tc
666 1743 875 1785 comitante,
893 1743 988 1779 vias!

218 1839 271 1873 Ut
289 1835 424 1885 placuit
441 1833 564 1869 dulces
583 1845 763 1868 musarum
782 1845 932 1881 carpere
951 1833 1083 1875 laurus,

263 1924 322 1960 Te
341 1922 452 1957 decus
470 1919 603 1969 ingenii
623 1919 861 1968 participante
879 1920 969 1956 mei!
1323 1927 1372 1959 30

220 2015 314 2050 Haec
332 2009 612 2051 fuerunt3-—sed
629 2021 740 2052 nunc,
767 2012 789 2044 ὁ
806 2009 947 2058 abrepti
964 2010 1104 2047 Umbra
1123 2011 1266 2054 sodalis,

270 2100 351 2137 Sola
369 2098 454 2135 mihi
471 2096 580 2134 viduo
598 2103 653 2133 est
670 2097 743 2133 vita
762 2097 911 2134 terenda
930 2098 1046 2147 pede!
