1669 2714
808 296 868 334 40

267 411 433 455 Fervere,
461 419 498 448 et
514 413 644 450 effusas
663 413 786 462 ignota
803 425 868 462 per
887 425 1034 462 aequora
1049 423 1158 447 naves
1339 411 1402 444 135

264 499 404 535 Oceani
422 501 509 536 fines
527 506 727 549 penetrare,
755 514 797 536 ac
815 501 919 536 litora
935 505 1041 535 nocte

263 586 374 635 Septa
391 588 639 635 procellarum,
667 594 704 624 et
721 588 822 624 dubii
838 587 1026 624 formidine
1044 587 1157 635 ponti.

263 674 448 723 Purpureo
467 676 549 710 hinc
564 675 679 710 varias
697 674 781 710 olim
798 674 884 710 mihi
902 674 1042 709 daedala
1060 673 1163 709 tellus

264 763 419 798 Divitias
436 764 574 812 gremio
592 762 772 799 effundet!
803 762 896 798 Mihi
912 761 1077 797 cinnama
1094 760 1178 796 felix

263 851 497 898 Taprobane,
525 851 609 886 mihi
627 850 727 886 Plata
746 863 884 891 sonam,
912 854 950 884 et
963 848 1159 885 Amazonis
1177 847 1272 883 unda
1342 853 1408 883 140

264 938 421 974 Nativas
441 939 627 974 submittet
650 951 752 986 opes;
784 943 821 973 et
837 950 919 985 quae
942 937 1015 972 sola‘
1031 937 1137 986 longe

264 1026 375 1062 Indus
390 1032 479 1068 arat,
507 1039 589 1074 quae
607 1026 777 1074 palmosae
795 1025 891 1061 rudis
908 1024 1026 1060 incola
1039 1023 1139 1059 vallis

266 1114 459 1150 Gambiam
477 1114 523 1150 ad
541 1113 745 1155 auriferum,
773 1119 835 1148 aut
852 1112 962 1161 Nigri
979 1113 1140 1147 flaventis
1158 1124 1293 1146 arenas.

267 1200 367 1244 Quid
386 1199 549 1241 referam,
569 1199 665 1247 quali
683 1198 783 1233 dives
795 1204 973 1233 mercator
991 1198 1036 1232 ab
1051 1196 1112 1233 οῖ’ἒι

263 1289 331 1324 Per
348 1301 428 1324 mea
443 1300 556 1336 regna
571 1286 714 1321 trahens
730 1285 875 1319 immani
892 1284 1052 1331 pondere
1069 1296 1178 1318 naves
1340 1289 1403 1319 145

265 1374 337 1410 Ibit
354 1375 485 1411 ovans?
514 1373 719 1408 venientem
741 1376 902 1406 extremo
919 1371 955 1405 in
972 1383 1053 1405 rure
1069 1370 1187 1406 coloni

265 1463 471 1512 Excipient,
498 1460 703 1508 ratibusque
720 1464 867 1508 gement
884 1457 1114 1493 stridentibus
1131 1458 1251 1493 undae.

266 1551 407 1587 Clarior
426 1550 508 1585 hinc
527 1550 669 1584 sinuans
686 1546 791 1582 cultis
806 1546 898 1581 vada
914 1545 1046 1582 coerula
1062 1546 1197 1594 campis

266 1638 445 1686 Spectabo
464 1636 601 1685 ingenti
615 1634 734 1670 vicina
751 1632 882 1682 palatia
898 1633 1021 1673 fluctfi,

266 1727 575 1776 Splendentesque
592 1724 716 1759 domos
733 1708 875 1771 regum,¹
888 1726 926 1756 et
942 1734 1022 1769 quae
1042 1722 1195 1756 maxima
1213 1720 1296 1769 ripis
1336 1726 1406 1757 150

267 1816 428 1851 Cernere
446 1814 513 1849 erit
530 1812 679 1848 delubra
696 1810 802 1852 meis;
830 1809 915 1844 dum
933 1808 1081 1858 grandia
1096 1808 1229 1843 circtrm

267 1902 371 1939 Ostia
388 1901 519 1937 divitiis
536 1906 638 1935 terrae
656 1896 911 1945 omniparentis
928 1894 1123 1931 abundant.

319 1997 343 2011 ‘¹
370 1989 423 2024 At
438 2001 519 2036 quae
537 1987 612 2022 dira
630 1998 726 2020 meos
743 1984 910 2019 obscurat
927 1995 1033 2018 scena
1052 1982 1269 2030 triumphos?

269 2075 443 2115 Finitimis
457 2074 561 2110 video
578 2074 650 2109 late
665 2071 861 2122 grassantia
877 2070 994 2120 regnis
