1669 2714
848 298 907 338 49

295 405 480 453 Carmine,
508 414 606 461 quod
623 416 727 466 grata
746 418 907 458 devincit
922 425 1103 474 compede
1121 427 1249 472 Divos,

1434 437 1448 444 >-

1408 436 1448 468 1³

286 494 446 534 Blandus
464 499 576 538 honos
593 504 795 551 Musarum,
822 514 860 545 et
879 510 1062 561 Apollinis
1078 514 1173 552 alma
1189 516 1370 566 voluptas.

289 584 358 620 Sed
377 599 466 635 quos
483 589 614 628 infesto
631 597 776 644 aspexit
794 599 979 637 Saturnius
995 615 1058 639 ore

284 673 409 724 Terga
426 690 533 726 super
552 686 671 725 terrae,
698 690 761 721 aut
777 685 849 723 late
867 691 1073 737 spumantia
1089 695 1191 742 ponti

280 762 440 808 Coerula,
466 781 538 804 non
556 769 630 806 ulla
648 775 783 821 poteris
800 777 959 816 mulcere
975 794 1140 820 camenae

276 851 478 893 Blanditia:
507 872 591 903 non,
620 865 826 912 saevajacet
843 866 906 916 qui
924 870 1080 907 Tartara
1097 872 1232 919 subter,

275 941 340 977 Dis
358 942 589 987 formidatum
608 952 763 988 centena
780 955 875 992 mole
892 958 1079 1007 Typhoea;

270 1029 369 1068 Olim
387 1046 496 1081 quein
515 1037 671 1076 Cilicum
691 1049 787 1080 notae
803 1057 966 1093 genuere
982 1061 1160 1094 cavernae,

265 1120 317 1155 At
334 1135 430 1158 nunc
450 1125 652 1164 Cumarum
671 1126 874 1171 resonantia
891 1135 995 1172 litora
1013 1139 1126 1176 fluctu

265 1209 419 1255 Oceani,
448 1213 695 1265 hirsutumque
713 1222 845 1267 premit
862 1223 1052 1262 Trinacria
1068 1235 1210 1276 pectus.

260 1299 362 1335 Mole
381 1301 447 1337 sub
464 1303 561 1339 aeria
576 1317 683 1354 rupes
698 1309 1042 1360 AEtnaeajaccntem

258 1389 447 1433 Continet,
475 1398 619 1430 aeternae
636 1397 757 1433 nutrix
776 1401 971 1448 asperrima
989 1404 1147 1451 brumae;

255 1479 371 1527 Cujus
390 1480 581 1518 inaccessis
601 1497 838 1536 prorumpens
857 1491 1001 1529 flamma
1019 1498 1184 1534 cavernis

254 1570 416 1617 Ejicitur‚
444 1574 608 1622 pureque
626 1576 704 1611 fluit
722 1576 976 1626 liquidissimus
995 1583 1100 1633 ignis.

249 1659 323 1694 Sub
343 1659 417 1695 sole
435 1668 601 1698 eructant
617 1661 726 1700 fulvae
744 1664 901 1717 fuliginis
920 1672 1033 1708 undas

244 1747 427 1784 Ardentes
445 1750 565 1793 fluvii3
594 1753 655 1799 qui
675 1766 770 1802 saepe
790 1755 975 1794 silentibus
996 1761 1142 1807 umbris,

243 1835 360 1871 Saxca
377 1837 558 1874 flammato
577 1845 786 1888 torquentes
805 1845 965 1892 pondera
983 1849 1108 1893 fluctu,

240 1923 336 1960 Cum
357 1926 507 1974 strepitu
525 1928 697 1966 horrisoni
713 1931 908 1970 volvuntur
925 1935 960 1971 in
977 1950 1124 1988 aequora
1139 1945 1256 1991 ponti.

235 2011 382 2049 Scilicet
400 2014 463 2050 hos
482 2015 573 2065 ignis
591 2018 782 2056 stridentes
800 2026 995 2073 concoquit
1013 2035 1121 2066 aestus

232 2100 440 2151 Prodigium
461 2103 635 2148 deforme,
665 2107 816 2158 ingens3
845 2112 941 2160 quod
961 2128 1058 2164 saepe
1075 2118 1192 2157 viator

1371 1330 1416 1361 25

1354 1777 1404 1810 30
