1669 2714
636 484 827 533 RHEN
835 484 923 541 US,

315 596 475 623 POEMA
508 596 704 623 PRAEMIO
736 595 947 623 SOLENNI
980 594 1240 631 DONATUM,

445 670 484 694 ΕΤ
496 671 529 694 IN
542 670 702 694 THEATRO
716 669 901 693 OXONOENSI
914 668 1111 692 RECITATUM

683 742 770 764 ΑΛ).
794 731 889 763 1797.

604 853 955 878 ·-——-—-————-

211 952 235 967 α
262 949 343 1009 Di
362 971 466 1020 patrii
484 973 675 1022 indigetes,
694 986 845 1023 quorum
862 973 927 1009 sub
942 972 1088 1008 numine
1106 980 1282 1020 praeceps*

209 1058 430 1107 Congeritur
447 1060 563 1096 rabies
581 1068 782 1104 ventorum,
810 1068 847 1097 et
865 1061 1027 1097 turbidus
1046 1060 1176 1102 aether3

211 1145 327 1188 Queis
347 1146 496 1193 scopuli,
524 1160 729 1196 magnoque
746 1147 904 1183 fremunt
921 1147 1129 1195 plangentia
1146 1146 1261 1181 fluctu

210 1233 384 1281 AEquora,
413 1239 450 1269 et
466 1246 597 1269 arcano
614 1234 769 1283 impulsu
787 1233 968 1270 tonitralia
983 1239 1111 1282 parent

209 1320 312 1356 Atria
328 1321 520 1364 coelorum3
549 1322 678 1358 Romae
695 1322 864 1358 cohibete
880 1321 1033 1357 furores!
1337 1325 1358 1356 5

214 1409 263 1444 Di
280 1409 399 1456 patrii,
427 1408 582 1444 audaces
599 1409 736 1444 animos
752 1408 933 1451 cohibete,
959 1421 1027 1445 nec
1045 1408 1138 1444 ultra

213 1497 349 1546 Impius
367 1498 424 1532 hic
443 1498 571 1533 nostris
589 1498 762 1546 irrumpat
778 1498 921 1534 sedibus
937 1498 1045 1533 hostis
1057 1497 1090 1532 !'’

263 1586 358 1620 Haec
377 1585 483 1620 Pater
501 1584 637 1620 undoso
656 1598 693 1620 se
709 1584 873 1620 attollens
887 1585 1030 1634 gurgite
1048 1584 1198 1619 Rhenus

216 1673 373 1714 Clamat,
402 1678 442 1708 ut
458 1672 604 1708 immani
622 1671 829 1721 impositum
846 1671 1028 1707 molimine
1047 1676 1209 1720 pontem,

215 1761 476 1809 Caesareasque
494 1760 593 1796 videt
608 1759 761 1795 radianti
776 1760 812 1795 in
829 1759 988 1809 margine
1008 1764 1152 1795 turmas.
1321 1764 1364 1796 10

215 1849 413 1898 Lignorum
431 1849 567 1884 interea
585 1847 741 1884 violenta
757 1846 934 1896 compede
952 1847 1092 1882 vinctus

218 1936 408 1974 Undarum
426 1941 554 1972 vortex
572 1935 705 1984 injecta
723 1934 817 1970 mole
834 1934 984 1976 laborat,

216 2025 340 2071 Atque
358 2036 568 2072 repercusso
585 2022 765 2058 luctantur
780 2021 885 2057 litora
902 2022 1034 2057 fluctu:

219 2112 350 2148 Fervet
367 2125 469 2161 opus,
491 2113 711 2159 junctasque
729 2114 901 2158 exaequat
917 2109 1082 2145 machina
1099 2109 1207 2158 ripas.

785 2221 810 2245 D
